<?xml version="1.0" encoding="UTF-8"?>
<collection xmlns:xsi="http://www.w3.org/2001/XMLSchema-instance" xsi:schemaLocation="http://www.loc.gov/MARC21/slim http://www.loc.gov/standards/marcxml/schema/MARC21slim.xsd" xmlns="http://www.loc.gov/MARC21/slim">
<record>
  <leader>00983cam a2200253 i 4500</leader>
  <controlfield tag="001">235884</controlfield>
  <controlfield tag="003">NNC</controlfield>
  <controlfield tag="005">20150817132301.0</controlfield>
  <controlfield tag="008">840628m19619999su c          000 0 ara d</controlfield>
  <datafield tag="035" ind1=" " ind2=" ">
    <subfield code="a">(OCoLC)27274391</subfield>
  </datafield>
  <datafield tag="035" ind1=" " ind2=" ">
    <subfield code="a">(OCoLC)ocm27274391</subfield>
  </datafield>
  <datafield tag="035" ind1=" " ind2=" ">
    <subfield code="a">(CStRLIN)NYCG84-B41455</subfield>
  </datafield>
  <datafield tag="035" ind1=" " ind2=" ">
    <subfield code="9">ABA8528CU</subfield>
  </datafield>
  <datafield tag="035" ind1=" " ind2=" ">
    <subfield code="a">(NNC)235884</subfield>
  </datafield>
  <datafield tag="040" ind1=" " ind2=" ">
    <subfield code="a">NNC</subfield>
    <subfield code="c">NNC</subfield>
  </datafield>
  <datafield tag="090" ind1=" " ind2=" ">
    <subfield code="a">PJ7661</subfield>
    <subfield code="b">.A38</subfield>
  </datafield>
  <datafield tag="245" ind1="0" ind2="0">
    <subfield code="a">Aḍwāʾ al-nujūm min ashʻār al-Buqūm /</subfield>
    <subfield code="c">jamʻ wa-tartīb wa-taqdīm Ḥusayn ibn ʻĀʾiḍ al-Rājiḥī al-Baqmī.</subfield>
  </datafield>
  <datafield tag="250" ind1=" " ind2=" ">
    <subfield code="a">al-Ṭabʻah 1.</subfield>
  </datafield>
  <datafield tag="260" ind1=" " ind2=" ">
    <subfield code="a">Makkah al-Mukarramah :</subfield>
    <subfield code="b">Dār al-Thaqāfah,</subfield>
    <subfield code="c">1961-</subfield>
  </datafield>
  <datafield tag="300" ind1=" " ind2=" ">
    <subfield code="a">v. :</subfield>
    <subfield code="b">ports. ;</subfield>
    <subfield code="c">25 cm.</subfield>
  </datafield>
  <datafield tag="500" ind1=" " ind2=" ">
    <subfield code="a">"Mukhtārāt min al-ashʻār al-Nabaṭīyah fī kathīr min al-aghrāḍ al-adabīyah .. taṣifu ḥayāt al-bādiyah min ḥaythu al-shakl wa-al-ʻarḍ."</subfield>
  </datafield>
  <datafield tag="650" ind1=" " ind2="0">
    <subfield code="a">Arabic poetry</subfield>
    <subfield code="y">20th century.</subfield>
  </datafield>
  <datafield tag="650" ind1=" " ind2="0">
    <subfield code="a">Folk poetry, Arabic.</subfield>
  </datafield>
  <datafield tag="700" ind1="1" ind2=" ">
    <subfield code="a">Baqmī, Ḥusayn ibn ʻĀʼiḍ al-Rājiḥī.</subfield>
  </datafield>
  <datafield tag="955" ind1=" " ind2=" ">
    <subfield code="b">0036760820</subfield>
    <subfield code="d">glx</subfield>
    <subfield code="e">PJ7661 .A38</subfield>
    <subfield code="v">v.1</subfield>
  </datafield>
</record>
</collection>